@online{augusto,
    author = "Augusto Salazar",
    title = "Funcionamiento de la memoria de un computador",
    url  = "http://www-cs-faculty.stanford.edu/~uno/abcde.html",
    addendum = "(accessed: 05.09.2020)",
    keywords = "Memoria, RAM, Cache"
}
